<?xml version="1.0" encoding="UTF-8"?><collection xmlns="http://www.loc.gov/MARC21/slim"><record><leader>00450nam--2200145-i-4500</leader><controlfield tag="001">000011689</controlfield><controlfield tag="002">20161230</controlfield><controlfield tag="005">20161230201029</controlfield><controlfield tag="008">060222s1000------------r-----000-0-eng-d</controlfield><datafield ind1=" " ind2=" " tag="080"><subfield code="a">621.38.08(083):389.6(083)</subfield></datafield><datafield ind1=" " ind2=" " tag="100"><subfield code="a">Baumann, Waltraud., Kurtze, Peter And Naumann, Gunther</subfield></datafield><datafield ind1=" " ind2=" " tag="245"><subfield code="a">Standard-interfaces der elektronischen messtechnik</subfield></datafield><datafield ind1=" " ind2=" " tag="260"><subfield code="a">Berlin, Veb Verlag Technik, 1974 92 P</subfield></datafield><datafield ind1=" " ind2=" " tag="490"><subfield code="a">Reihe Automatisirungstechnik</subfield></datafield><datafield ind1=" " ind2=" " tag="852"><subfield code="a">43109</subfield></datafield></record></collection>